<record><leader>00000cas a22000007a 4500</leader><controlfield tag="001">1763585</controlfield><controlfield tag="008">751101d18771884mnuwr ne      0    0eng d</controlfield><datafield ind1=" " ind2=" " tag="010"><subfield code="a">sn 89064428 </subfield></datafield><datafield ind1=" " ind2=" " tag="040"><subfield code="a">MUL</subfield><subfield code="b">eng</subfield><subfield code="c">MUL</subfield><subfield code="d">MN#</subfield><subfield code="d">OCLCQ</subfield><subfield code="d">DLC</subfield><subfield code="d">OCLCF</subfield><subfield code="d">OCLCO</subfield></datafield><datafield ind1="1" ind2=" " tag="029"><subfield code="a">AU@</subfield><subfield code="b">000025856824</subfield></datafield><datafield ind1=" " ind2=" " tag="042"><subfield code="a">msc</subfield></datafield><datafield ind1=" " ind2=" " tag="043"><subfield code="a">n-us-mn</subfield></datafield><datafield ind1=" " ind2=" " tag="052"><subfield code="a">4144</subfield><subfield code="b">R4</subfield></datafield><datafield ind1=" " ind2=" " tag="052"><subfield code="a">4143</subfield><subfield code="b">G6</subfield></datafield><datafield ind1="0" ind2=" " tag="130"><subfield code="a">Advance (Red Wing, Minn.)</subfield></datafield><datafield ind1="0" ind2="4" tag="245"><subfield code="a">The advance.</subfield></datafield><datafield ind1=" " ind2=" " tag="260"><subfield code="a">Red Wing, Minn. :</subfield><subfield code="b">H.H. Young,</subfield><subfield code="c">1877-1884.</subfield></datafield><datafield ind1=" " ind2=" " tag="300"><subfield code="a">9 v.</subfield></datafield><datafield ind1=" " ind2=" " tag="310"><subfield code="a">Weekly</subfield></datafield><datafield ind1="0" ind2=" " tag="362"><subfield code="a">Vol. 4, no. 44 (Aug. 8, 1887 [i.e. 1877])-v. 12, no. 6 (Nov. 19, 1884).</subfield></datafield><datafield ind1=" " ind2=" " tag="530"><subfield code="a">Available on microfilm from the Minnesota Historical Society.</subfield></datafield><datafield ind1=" " ind2="0" tag="651"><subfield code="a">Red Wing (Minn.)</subfield><subfield code="v">Newspapers.</subfield></datafield><datafield ind1=" " ind2="7" tag="655"><subfield code="a">Newspapers.</subfield><subfield code="2">fast</subfield><subfield code="0">(OCoLC)fst01423814</subfield></datafield><datafield ind1=" " ind2="7" tag="651"><subfield code="a">Minnesota</subfield><subfield code="z">Red Wing.</subfield><subfield code="2">fast</subfield><subfield code="0">(OCoLC)fst01206394</subfield></datafield><datafield ind1=" " ind2=" " tag="752"><subfield code="a">United States</subfield><subfield code="b">Minnesota</subfield><subfield code="c">Goodhue</subfield><subfield code="d">Red Wing.</subfield></datafield><datafield ind1="0" ind2=" " tag="775"><subfield code="t">Republican (Red Wing, Minn. : 1880)</subfield><subfield code="w">(DLC)sn 89064565</subfield></datafield><datafield ind1="0" ind2="0" tag="780"><subfield code="t">Grange advance</subfield><subfield code="x">2326-6341</subfield><subfield code="w">(DLC)sn 85025567</subfield><subfield code="w">(OCoLC)11798339</subfield></datafield><datafield ind1="0" ind2="7" tag="785"><subfield code="t">Republican (Red Wing, Minn. : 1880)</subfield><subfield code="w">(DLC)sn 89064565</subfield></datafield><datafield ind1="0" ind2="7" tag="785"><subfield code="t">Advance-Republican</subfield><subfield code="w">(DLC)sn 89064429</subfield></datafield></record>